% Encoding: UTF-8

@Misc{siddhartha-kayastha,
	author   = {Siddharta Kayastha},
	title    = {{Multimedia Application}},
	subtitle= {{BCA-VIII}},
	year     = {2020},
	location={Birtamod, Jhapa},
	organization = {{Gomendra} {Multiple} {College}},
}

@Misc{delaware,
	title={{Defining Multimedia}},
	url={https://www1.udel.edu/edtech/multimedia/index.html},
}

@book{rk,
	author = {{Ralf Steinmetz and Klara Nahrstedt}},
	title = {{Multimedia: Computing, Communications and Applications}},
	date = {1995},
	isbn={0-13-324435-0},
	publisher = {{Prentice Hall PTR Prentice-Hall, Inc.}},
	location = {{Upper Saddle River, New Jersey 0745}},
}

@Misc{dav-kirill,
	author   = {{Prof David Marshall and Dr Kirill Sidorov}},
	title    = {{CM3106 Multimedia}},
	location={{Cardiff University, UK}},
	organization = {{School of Computer Science \& Informatics}},
	url ={https://users.cs.cf.ac.uk/Dave.Marshall/Multimedia},
}

@book{rkma,
	author = {{Ralf Steinmetz and Klara Nahrstedt}},
	title = {{Multimedia Applications}},
	date = {2004},
	publisher = {{Springer}},
	location = {{Verlag Berlin Heidelberg}},
	isbn = {978-3-662-08876-0},
}

@book{rkms,
	author = {{Klara Nahrstedt and Ralf Steinmetz}},
	title = {{Multimedia Systems}},
	date = {2004},
	publisher = {{Springer}},
	location = {Verlag Berlin Heidelberg},
	isbn = {978-3-662-08878-4},
}

@book{rk-v1,
	author = {{Ralf Steinmetz and Klara Nahrstedt}},
	title = {{Multimedia Fundamentals Volume 1:}},
	subtitle = {{Media Coding and Content Processing}},
	date = {2002},
	publisher = {{Prentice-Hall, Inc.}},
	location = {{UPPER SADDLE RIVER , NJ 07458}},
	isbn = {0-13-031399-8},
}


@misc{noauthor_jpeg_nodate,
	title = {{JPEG} {Compression} - {Javatpoint}},
	url = {https://www.javatpoint.com/jpeg-compression},
	abstract = {JPEG Compression with dip tutorial, introduction, analog image vs digital image, digital image and signal, analog image, overlapping, signal, system, keywords, origin of camera, photography, etc.},
	urldate = {2021-02-15},
	journal = {www.javatpoint.com}
}

@Misc{2020a,
	title        = {Process {Of} {JPEG} {Data} compression},
	abstract     = {A Computer Science portal for geeks. It contains well written, well thought and well explained computer science and programming articles, quizzes and practice/competitive programming/company interview Questions.},
	chapter      = {Misc},
	date         = {2020-04},
	journaltitle = {GeeksforGeeks},
	url          = {https://www.geeksforgeeks.org/process-of-jpeg-data-compression/},
	urldate      = {2021-02-15},
}

@Misc{2016a,
	title        = {{JPEG} {Image} {Compression}},
	abstract     = {JPEG Compression Algorithm},
	collaborator = {Aishwarya K. M.},
	date         = {2016-01},
	type         = {Engineering},
	url          = {https://www.slideshare.net/AishwaryaKM1/jpeg-image-compression-56894348},
	urldate      = {2021-02-15},
}
@Inbook{Asthana2006,
	author="Asthana, Abhaya",
	editor="Furht, Borko",
	title="Multimedia in Education",
	bookTitle="Encyclopedia of Multimedia",
	year="2006",
	publisher="Springer US",
	address="Boston, MA",
	pages="533--540",
	isbn="978-0-387-30038-2",
	doi="10.1007/0-387-30038-4_154",
	urldate = "2021-02-17",
	url="https://doi.org/10.1007/0-387-30038-4_154"
}

@Inbook{Wallace2006,
	author="Wallace, Manolis
	and Avrithis, Yannis
	and Kollias, Stefanos",
	editor="Furht, Borko",
	title="Multimedia Archives and Mediators",
	bookTitle="Encyclopedia of Multimedia",
	year="2006",
	publisher="Springer US",
	address="Boston, MA",
	pages="452--460",
	isbn="978-0-387-30038-2",
	doi="10.1007/0-387-30038-4_140",
		urldate = "2021-02-17",
	url="https://doi.org/10.1007/0-387-30038-4_140"
}

@Inbook{Neuhold2006,
	author="Neuhold, Erich
	and Nieder'e, Claundia",
	editor="Furht, Borko",
	title="Multimedia Libraries",
	bookTitle="Encyclopedia of Multimedia",
	year="2006",
	publisher="Springer US",
	address="Boston, MA",
	pages="541--547",
	isbn="978-0-387-30038-2",
	doi="10.1007/0-387-30038-4_155",
	urldate = "2021-02-17",
	url="https://doi.org/10.1007/0-387-30038-4_155"
}


@Comment{jabref-meta: databaseType:bibtex;}
